<?xml version="1.0" encoding="UTF-8"?><record xmlns="http://www.loc.gov/MARC21/slim" xmlns:cinclude="http://apache.org/cocoon/include/1.0" xmlns:zs="http://www.loc.gov/zing/srw/">
  <leader>00611nz  a2200157n  4500</leader>
  <controlfield tag="001">no2013123385</controlfield>
  <controlfield tag="003">DLC</controlfield>
  <controlfield tag="005">20131109073815.0</controlfield>
  <controlfield tag="008">131105n| azannaabn          |n aaa     c</controlfield>
  <datafield tag="010" ind1=" " ind2=" ">
    <subfield code="a">no2013123385</subfield>
  </datafield>
  <datafield tag="035" ind1=" " ind2=" ">
    <subfield code="a">(OCoLC)oca09607772</subfield>
  </datafield>
  <datafield tag="040" ind1=" " ind2=" ">
    <subfield code="a">CSt-Law</subfield>
    <subfield code="b">eng</subfield>
    <subfield code="e">rda</subfield>
    <subfield code="c">CSt-Law</subfield>
    <subfield code="d">CSt-Law</subfield>
  </datafield>
  <datafield tag="100" ind1="1" ind2=" ">
    <subfield code="a">Zeager, Lester A.</subfield>
  </datafield>
  <datafield tag="373" ind1=" " ind2=" ">
    <subfield code="a">University of Pittsburgh</subfield>
    <subfield code="t">1987</subfield>
  </datafield>
  <datafield tag="373" ind1=" " ind2=" ">
    <subfield code="a">East Carolina University</subfield>
  </datafield>
  <datafield tag="670" ind1=" " ind2=" ">
    <subfield code="a">Refugee negotiations from a game-theoretic perspective, 2013:</subfield>
    <subfield code="b">title page (Lester A. Zeager) page 4 of cover (PhD, 1987, economics, University of Pittsburgh; professor of economics, East Carolina University)</subfield>
  </datafield>
</record>